<?xml version="1.0" encoding="UTF-8"?><collection xmlns="http://www.loc.gov/MARC21/slim"><record><leader>00336nam--2200121-i-4500</leader><controlfield tag="001">000036480</controlfield><controlfield tag="002">20161230</controlfield><controlfield tag="005">20161230201040</controlfield><controlfield tag="008">060222s1000------------r-----000-0-eng-d</controlfield><datafield ind1=" " ind2=" " tag="100"><subfield code="a">Poland,Ernest C., William L.Davidson</subfield></datafield><datafield ind1=" " ind2=" " tag="245"><subfield code="a">Applied nuclear physics</subfield></datafield><datafield ind1=" " ind2=" " tag="260"><subfield code="a">New York, London, John Wiley, 1951. Ix + 532p. Cu Ilustr</subfield></datafield><datafield ind1=" " ind2=" " tag="852"><subfield code="a">3228</subfield></datafield></record></collection>